@misc{mignon,
	author = {Denis Mignon},
	publisher = {Total Research & Technology Feluy},
	title = {Introduction to pressure safety valve (PSV) sizing}
}