@book{electrolyse,
			title = {Etude d'une installation de production d'hydrogène solaire par l'électrolise de l'eau},
			author = {Belkhir NEGROU, Noureddine SETTOU, Nasreddine CHENNOUF et Boubekeur DOKKAR},
			howpublished = {\url{http://www.academia.edu/3142123/ETUDE_DUNE_INSTALLATION_DE_PRODUCTION_DHYDROGENE_SOLAIRE_PAR_LELECTROLYSE_DE_LEAU}},
			publisher = {Université Kasdi Merbah Ouargla, Algérie},
			year = {2009}
}
