@misc{LeParisien,
	author = {Le Parisien},
	howpublished = {\url{http://www.leparisien.fr/espace-premium/yvelines-78/des-algues-pour-recycler-le-co2-de-l-usine-20-03-2012-1913904.php}},
	month = {décembre},
	year = {2014}
}


@misc{Bioenergie,
	author = {Bioénergie-promotion},
	howpublished = {\url{http://www.bioenergie-promotion.fr/17838/des-algues-combustibles-pour-recycler-le-co2-des-usines/}},
	month = {décembre},
	year = {2014}
}

@misc{Gepea,
	author = {Gepea},
	howpublished = {\url{http://www.gepea.fr/projets-de-recherche-17-recyclage-de-co2-issu-de-fum-es-industrielles-pour-la-production-contr-l-e-de-microalgues.html}},
	month = {décembre},
	year = {2014}
}

@misc{BulletinsElec,
	author = {Bulletins-electroniques},
	howpublished = {\url{http://www.gepea.fr/projets-de-recherche-17-recyclage-de-co2-issu-de-fum-es-industrielles-pour-la-production-contr-l-e-de-microalgues.html}},
	month = {décembre},
	year = {2014}
}

@misc{Lexpansion,
	author = {Lexpansion-Lexpress},
	howpublished = {\url{http://lexpansion.lexpress.fr/high-tech/les-algues-solution-miracle-pour-recycler-le-co2_1379302.html}},
	month = {décembre},
	year = {2014}
}

@misc{Enpicbcmed,
	author = {Enpicbcmed},
	howpublished = {\url{http://www.enpicbcmed.eu/fr/communication/les-algues-seraient-elles-le-carburant-du-futur}},
	month = {décembre},
	year = {2014}
}

@misc{QuebecHuffingtonPost,
	author = {Quebec Huffington Post},
	howpublished = {\url{http://quebec.huffingtonpost.ca/2013/02/22/algocarburants-production-quebec_n_2743318.html}},
	month = {décembre},
	year = {2014}
}

@misc{BlogEnvironnemental,
	author = {Blog environnemental},
	howpublished = {\url{http://blog.environnemental.info/2009/05/seche-environnement-produit-un-eco-carburant-a-base-micro-algues-et-de-co2/ }},
	month = {décembre},
	year = {2014}
}

@misc{CarburantEcologique,
	author = {Carburant écologique},
	howpublished = {\url{ http://carburantecologique.com/algocarburants/}},
	month = {décembre},
	year = {2014}
}

@misc{GeneveVillesEtChamps,
	author = {Genève villes et champs},
	howpublished = {\url{ http://www.geneve-villesetchamps.ch/wp-content/uploads/2014/09/Les-algues-comme-biocarburant.pdf }},
	month = {décembre},
	year = {2014}
}

@misc{TPEMicroalgue,
	author = {TPE microalgue},
	howpublished = {\url{http://tpemicroalgue.e-monsite.com/pages/la-transformation-en-biocarburant.html}},
	month = {décembre},
	year = {2014}
}

@article{PourLaScience, 
  author = {Olivier Bernard}, 
  title = {Les carburants extraits de micro-algues},
  journal = {Pour la science},
  year = {2009},
  volume = {375}, 
}