@misc{canada,
  author = {Centre canadien d'hygiène et de sécurité au travail},
  title = {Les gaz comprimés et leurs dangers},
  howpublished = {\url{http://www.cchst.com/.../chem.../compressed/compress.html...}},
  school = {Centre canadien d'hygiène et de sécurité au travail},
  month = {juillet},
  year = {2008}
}
