@misc{LeChatelier,
	author = {Wikip√©dia},
	howpublished = {\url{http://fr.wikipedia.org/wiki/D%C3%A9placement_d'%C3%A9quilibre_r%C3%A9actionnel}},
	month = {novembre},
	year = {2014}
}

@misc{HaberB,
	author = {Chemguide},
	howpublished = {\url{http://www.chemguide.co.uk/physical/equilibria/haber.html}},
	month = {novembre},
	year = {2014}
}
