@misc{nitrogen_issue,
	author = {European Commission},
	title = {Best Available Techniques for the Manafacture of Large Volume Inorganic Chemicals - Ammonia, Acids and Fertilisers},
	year = {2007},
	month = {august}
}
