@misc{mattson,
	author = {Bruce Mattson, Ph.D.},
	title = {Microscale gas Chemistry : Experiments with Nitrogen},
	url = {\url{http://mattson.creighton.edu/N2/index.html}},
	school = {Département de chimie, Université de Creighton},
	date = {consulté le 22 septembre 2014}
}

@misc{wiki-h2,
	author = {Wikipédia},
	url = {\url{http://fr.wikipedia.ord/wiki/dihydrogène}},
	date = {consulté le 22 septembre 2014}
}

@misc{afhypac,
	author = {Association française pour l'Hydrogène et les piles à combustibles},
	url = {\url{http://www.afhypac.org/fr/3_production_de_l_hydrogene}},
	date = {consulté le 22 septembre 2014}
}

@misc{scf,
	author = {Société chimique de France},
	url ={\url{http://www.societechimiquedefrance.fr/}},
	date = {consulté le 22 septembre 2014}
}

@misc{wiki-n2,
	author = {Wikipédia},
	url = {\url{http://fr.wikipedia.org/wiki/diazote}},
	date = {consulté le 22 septembre 2014}
}

@book{atkins,
	author = {Atkins and Jones},
	title = {Principes de chimie},
	publisher = {De Boeck},
	year = {2013},
	edition = {2nd}
}