@misc{mattson,
	author = {Bruce Mattson, Ph.D.},
	title = {Microscale gas Chemistry : Experiments with Nitrogen},
	howpublished = {\url{http://mattson.creighton.edu/N2/index.html}},
	school = {Département de chimie, Université de Creighton},
	month = {septembre},
	year = {2014}
}

@misc{wiki-h2,
	author = {Wikipédia},
	howpublished = {\url{http://fr.wikipedia.org/wiki/dihydrogene}},
	month = {septembre},
	year = {2014}
}

@misc{afhypac,
	author = {Association française pour l'Hydrogène et les piles à combustibles},
	howpublished = {\url{http://www.afhypac.org/fr/3_production_de_l_hydrogene}},
	month = {septembre},
	year = {2014}
}

@misc{scf,
	author = {Société chimique de France},
	url ={\url{http://www.societechimiquedefrance.fr/}},
	date = {consulté le 22 septembre 2014}
}

@misc{wiki-n2,
	author = {Wikipédia},
	howpublished = {\url{http://fr.wikipedia.org/wiki/diazote}},
	month = {septembre},
	year = {2014}
}

@book{atkins,
	author = {Atkins and Jones},
	title = {Principes de chimie},
	publisher = {De Boeck},
	year = {2013},
	edition = {2nd}
}

@misc{hc-table,
	author = {Sorbonne Universités},
	title = {Capacité calorifique molaire à pression constante},
	howpublished = {\url{http://www.edu.upmc.fr/chimie/lc101-202-301/communs/public/capcalo.htm}},
	month = {octobre},
	year = {2014}
}